@article{knuth84,
  author = {Knuth, Donald E.},
  title = {Literate Programming},
  year = {1984},
  issue_date = {May 1984},
  publisher = {Oxford University Press, Inc.},
  address = {USA},
  volume = {27},
  number = {2},
  issn = {0010-4620},
  url = {https://doi.org/10.1093/comjnl/27.2.97},
  doi = {10.1093/comjnl/27.2.97},
  journal = {Comput. J.},
  month = may,
  pages = {97–111},
  numpages = {15}
}

@book{castaneda2012introduction,
  title={Introduction to probability and stochastic processes with applications},
  author={Casta{\~n}eda, Liliana Blanco and Arunachalam, Viswanathan and Dharmaraja, Selvamuthu},
  year={2012},
  publisher={John Wiley \& Sons}
}

@book{mood1986introduction,
  title = {Introduction to the Theory of Statistics},
  author = {Mood, A.M.F. and Graybill, F.A. and Boes, D.C.},
  year = {1986},
  series = {McGraw-Hill series in Probability and Statistics},
  url = {https://books.google.com.mx/books?id=bKHBjgEACAAJ}
}

@book{wickham2023r,
  title={R for data science},
  author={Wickham, Hadley and {\c{C}}etinkaya-Rundel, Mine and Grolemund, Garrett},
  year={2023},
  publisher={" O'Reilly Media, Inc."}
}

@book{ross2015first,
  title={A First Course in Probability},
  author={Ross, S.},
  isbn={9780321926678},
  url={https://books.google.com.mx/books?id=AstQCwAAQBAJ},
  year={2015},
  publisher={Pearson Education}
}

@book{walpole2012probabilidad,
  title={Probabilidad y estad{\'\i}stica para ingenier{\'\i}a y ciencias},
  author={Walpole, Ronald and Myers, Raymond and Myers, Sharon},
  year={2012},
  publisher={Pearson educaci{\'o}n}
}

@book{wackerly2009estadística,
  title={Estad{\'\i}stica Matem{\'a}tica Con Aplicaciones},
  author={Wackerly, D.D. and Wackerly, D.D. and Mendenhall, W. and Scheaffer, R.L.},
  isbn={9789708300100},
  url={https://books.google.com.mx/books?id=8bTfwAEACAAJ},
  year={2009},
  publisher={CENGAGE Learning}
}

@book{schlosser2001fast,
  title={Fast Food Nation: The Dark Side of the All-American Meal},
  author={Schlosser, E.},
  isbn={9780395977897},
  lccn={2012392290},
  series={UMKC Social Justice Lecture Series Book},
  url={https://books.google.com.mx/books?id=yNFN1OpnkBkC},
  year={2001},
  publisher={Houghton Mifflin}
}

@article{martinez2021evaluacion,
  title={Evaluaci{\'o}n de factibilidad estrat{\'e}gica, t{\'e}cnica y econ{\'o}mica de una cadena de suministro de congelado rentable para los clientes de restaurantes de comida r{\'a}pida en Argentina},
  author={Mart{\'\i}nez Ramilo, Flavia},
  year={2021},
  publisher={Universidad de Chile}
}

@article{sanchez2021retos,
  title={Retos actuales de la log{\'\i}stica y la cadena de suministro},
  author={S{\'a}nchez Su{\'a}rez, Yasniel and P{\'e}rez Casta{\~n}eira, Jessie Arlene and Sangroni Laguardia, Naylet and Cruz Blanco, Cesar and Medina Nogueira, Yuly Esther},
  journal={Ingenier{\'\i}a Industrial},
  volume={42},
  number={1},
  pages={169--184},
  year={2021},
  publisher={Facultad de Ingenier{\'\i}a Industrial, Instituto Superior Polit{\'e}cnico Jos{\'e}~…}
}

@book{ross2014introduction,
  title={Introduction to probability models},
  author={Ross, Sheldon M},
  year={2014},
  publisher={Academic press}
}

@book{castaneda2004probabilidad,
  title={Probabilidad},
  author={Casta{\~n}eda, Liliana Blanco},
  year={2004},
  publisher={Univ. Nacional de Colombia}
}

@article{jones1994book,
  title={Book review: Statistical methods, george w. snedecor and william g. cochran ames: Iowa state university press, 1989. xix+ 491 pp},
  author={Jones, Douglas H},
  journal={Journal of Educational Statistics},
  volume={19},
  number={3},
  pages={304--307},
  year={1994},
  publisher={Sage Publications Sage CA: Los Angeles, CA}
}

@book{wackerly2008mathematical,
  title={Mathematical statistics with applications},
  author={Wackerly, Dennis D and Mendenhall, William and Scheaffer, Richard L},
  volume={7},
  year={2008},
  publisher={Thomson Brooks/Cole Belmont, CA}
}


@misc{degroot2012probability,
  title={Probability and statistics, Fourth},
  author={DeGroot, Morris H and Schervish, Mark J},
  year={2012},
  publisher={Addison-Wesley}
}

@book{asmussen2010ruin,
  title={Ruin probabilities},
  author={Asmussen, Soren and Albrecher, Hansjorg},
  volume={14},
  year={2010},
  publisher={World scientific}
}

@article{massey1951kolmogorov,
  title={The Kolmogorov-Smirnov test for goodness of fit},
  author={Massey Jr, Frank J},
  journal={Journal of the American statistical Association},
  volume={46},
  number={253},
  pages={68--78},
  year={1951},
  publisher={Taylor \& Francis}
}

@book{peng2016r,
  title={R programming for data science},
  author={Peng, Roger D},
  year={2016},
  publisher={Leanpub Victoria, BC, Canada}
}

@book{rincon2012introduccion,
  title={Introducci{\'o}n a los procesos estoc{\'a}sticos},
  author={Rinc{\'o}n, Luis},
  volume={63},
  year={2012},
  publisher={UNAM, Facultad de Ciencias}
}

@book{ross1995stochastic,
  title={Stochastic processes},
  author={Ross, Sheldon M},
  year={1995},
  publisher={John Wiley \& Sons}
}

@book{dobrow2016introduction,
  title={Introduction to stochastic processes with R},
  author={Dobrow, Robert P},
  year={2016},
  publisher={John Wiley \& Sons}
}

@article{dickson1998ruin,
  title={Ruin probabilities for Erlang (2) risk processes},
  author={Dickson, David CM and Hipp, Christian},
  journal={Insurance: Mathematics and Economics},
  volume={22},
  number={3},
  pages={251--262},
  year={1998},
  publisher={Elsevier}
}